<record><leader>00000cas a22000007a 4500</leader><controlfield tag="001">11156466</controlfield><controlfield tag="008">840915d18711875inuwr ne      0    0eng d</controlfield><datafield ind1=" " ind2=" " tag="010"><subfield code="a">sn 84027492 </subfield></datafield><datafield ind1=" " ind2=" " tag="040"><subfield code="a">NPU</subfield><subfield code="b">eng</subfield><subfield code="c">NPU</subfield><subfield code="d">NPI</subfield><subfield code="d">OCLCQ</subfield><subfield code="d">IUL</subfield></datafield><datafield ind1=" " ind2=" " tag="042"><subfield code="a">msc</subfield></datafield><datafield ind1="0" ind2="0" tag="245"><subfield code="a">Kokomo Democrat.</subfield></datafield><datafield ind1=" " ind2=" " tag="260"><subfield code="a">Kokomo, Ind. :</subfield><subfield code="b">James Sweney,</subfield><subfield code="c">1871-</subfield></datafield><datafield ind1=" " ind2=" " tag="310"><subfield code="a">Weekly</subfield></datafield><datafield ind1="0" ind2=" " tag="362"><subfield code="a">Vol. 1, no. 47 (Apr. 13, 1871)-</subfield></datafield><datafield ind1="1" ind2=" " tag="362"><subfield code="a">Ceased with Aug. 19, 1875 issue.</subfield></datafield><datafield ind1=" " ind2=" " tag="752"><subfield code="a">United States</subfield><subfield code="b">Indiana</subfield><subfield code="c">Howard</subfield><subfield code="d">Kokomo.</subfield></datafield><datafield ind1="0" ind2="0" tag="780"><subfield code="t">Democrat (Kokomo, Ind.)</subfield><subfield code="w">(DLC)sn 87055664</subfield><subfield code="w">(OCoLC)15345412</subfield></datafield><datafield ind1="0" ind2="0" tag="785"><subfield code="t">Kokomo weekly Democrat</subfield><subfield code="w">(DLC)sn 87055665</subfield><subfield code="w">(OCoLC)15345281</subfield></datafield></record>